@book{hartley2003multiple,
  title={Multiple view geometry in computer vision},
  author={Hartley, Richard and Zisserman, Andrew},
  year={2003},
  publisher={Cambridge university press}
}

@article{fischler1981random,
  title={Random sample consensus: a paradigm for model fitting with applications to image analysis and automated cartography},
  author={Fischler, Martin A and Bolles, Robert C},
  journal={Communications of the ACM},
  volume={24},
  number={6},
  pages={381--395},
  year={1981},
  publisher={ACM New York, NY, USA}
}

@inproceedings{yakovlev2005iadc,
  title={The “iadc space debris mitigation guidelines” and supporting documents},
  author={Yakovlev, M},
  booktitle={4th European Conference on Space Debris},
  volume={587},
  pages={591--597},
  year={2005},
  organization={ESA Publications Division Noordwijk, The Netherlands}
}


@techreport{ISO24113,
type = {Standard},
key = {ISO 24113:2019},
month = jul,
year = {2019},
title = {{Space systems — Space debris mitigation requirements}},
address = {Geneva, CH},
institution = {International Organization for Standardization}
}

@techreport{lemmens2020esa,
  title={ESA’s annual space environment report},
  author={ESA Space Debris Office},
  year={2022},
  institution={Technical Report GEN-DB-LOG-00288-OPS-SD, ESA Space Debris Office}
}

@inproceedings{kervendal2013gnc,
  title={GNC challenges and navigation solutions for active debris removal mission},
  author={Kervendal, Erwan and Chabot, Thomas and Kanani, Keyvan},
  booktitle={Advances in aerospace guidance, navigation and control: Selected papers of the second CEAS specialist conference on guidance, navigation and control},
  pages={761--779},
  year={2013},
  organization={Springer}
}

@article{rondao2020benchmarking,
  title={Benchmarking of local feature detectors and descriptors for multispectral relative navigation in space},
  author={Rondao, Duarte and Aouf, Nabil and Richardson, Mark A and Dubois-Matra, Olivier},
  journal={Acta Astronautica},
  volume={172},
  pages={100--122},
  year={2020},
  publisher={Elsevier}
}


@inproceedings{rublee2011orb,
  title={ORB: An efficient alternative to SIFT or SURF},
  author={Rublee, Ethan and Rabaud, Vincent and Konolige, Kurt and Bradski, Gary},
  booktitle={2011 International conference on computer vision},
  pages={2564--2571},
  year={2011},
  organization={Ieee}
}

@article{bay2006surf,
  title={Surf: Speeded up robust features},
  author={Bay, Herbert and Tuytelaars, Tinne and Van Gool, Luc},
  journal={Lecture notes in computer science},
  volume={3951},
  pages={404--417},
  year={2006},
  publisher={Springer}
}

@inproceedings{leutenegger2011brisk,
  title={BRISK: Binary robust invariant scalable keypoints},
  author={Leutenegger, Stefan and Chli, Margarita and Siegwart, Roland Y},
  booktitle={2011 International conference on computer vision},
  pages={2548--2555},
  year={2011},
  organization={Ieee}
}

@inproceedings{miksik2012evaluation,
  title={Evaluation of local detectors and descriptors for fast feature matching},
  author={Miksik, Ondrej and Mikolajczyk, Krystian},
  booktitle={Proceedings of the 21st International Conference on Pattern Recognition (ICPR2012)},
  pages={2681--2684},
  year={2012},
  organization={IEEE}
}

@inproceedings{rosten2005fusing,
  title={Fusing points and lines for high performance tracking},
  author={Rosten, Edward and Drummond, Tom},
  booktitle={Tenth IEEE International Conference on Computer Vision (ICCV'05) Volume 1},
  volume={2},
  pages={1508--1515},
  year={2005},
  organization={Ieee}
}


@article{zuiderveld1994contrast,
  title={Contrast limited adaptive histogram equalization},
  author={Zuiderveld, Karel},
  journal={Graphics gems},
  pages={474--485},
  year={1994},
  publisher={Academic Press}
}

@inproceedings{lucas1981iterative,
  title={An iterative image registration technique with an application to stereo vision},
  author={Lucas, Bruce D and Kanade, Takeo},
  booktitle={IJCAI'81: 7th international joint conference on Artificial intelligence},
  volume={2},
  pages={674--679},
  year={1981}
}

@article{baker2004lucas,
  title={Lucas-kanade 20 years on: A unifying framework},
  author={Baker, Simon and Matthews, Iain},
  journal={International journal of computer vision},
  volume={56},
  pages={221--255},
  year={2004},
  publisher={Springer}
}

@article{bouguet2001pyramidal,
  title={Pyramidal implementation of the affine lucas kanade feature tracker description of the algorithm},
  author={Bouguet, Jean-Yves and others},
  journal={Intel corporation},
  volume={5},
  number={1-10},
  pages={4},
  year={2001}
}

@inproceedings{biesbroek2021clearspace,
  title={The clearspace-1 mission: Esa and clearspace team up to remove debris},
  author={Biesbroek, Robin and Aziz, Sarmad and Wolahan, Andrew and Cipolla, Ste-fano and Richard-Noca, Muriel and Piguet, Luc},
  booktitle={Proc. 8th Eur. Conf. Sp. Debris},
  pages={1--3},
  year={2021}
}

@article{pesce2019autonomous,
  title={Autonomous relative navigation around uncooperative spacecraft based on a single camera},
  author={Pesce, Vincenzo and Opromolla, Roberto and Sarno, Salvatore and Lavagna, Mich{\`e}le and Grassi, Michele},
  journal={Aerospace Science and Technology},
  volume={84},
  pages={1070--1080},
  year={2019},
  publisher={Elsevier}
}

@inproceedings{pinson2008orbital,
  title={Orbital express advanced video guidance sensor: ground testing, flight results and comparisons},
  author={Pinson, Robin and Howard, Richard and Heaton, Andrew},
  booktitle={AIAA guidance, navigation and control conference and exhibit},
  pages={7318},
  year={2008}
}


@inproceedings{karlsson2014prisma,
  title={Prisma irides: Performance at the end of the drift phase and planned rendezvous experiments},
  author={Karlsson, Thomas and Larsson, Robin and Jackobsson, B and Bodin, Per and Larsson, Bengt},
  booktitle={Proceedings of the 9th International ESA Conference on Guidance, Navigation \& Control Systems, European Space Agency, ESTEC, Noordwijk, The Netherlands},
  year={2014}
}


@article{gaias2018flight,
  title={Flight demonstration of autonomous noncooperative rendezvous in low earth orbit},
  author={Gaias, Gabriella and Ardaens, Jean-S{\'e}bastien},
  journal={Journal of Guidance, Control, and Dynamics},
  volume={41},
  number={6},
  pages={1337--1354},
  year={2018},
  publisher={American Institute of Aeronautics and Astronautics}
}

@article{cassinis2019review,
  title={Review of the robustness and applicability of monocular pose estimation systems for relative navigation with an uncooperative spacecraft},
  author={Cassinis, Lorenzo Pasqualetto and Fonod, Robert and Gill, Eberhard},
  journal={Progress in Aerospace Sciences},
  volume={110},
  pages={100548},
  year={2019},
  publisher={Elsevier}
}


@inproceedings{cavrois2015liris,
  title={LIRIS demonstrator on ATV5: a step beyond for European non cooperative navigation system},
  author={Cavrois, Bruno and Vergnol, Aliz{\'e}e and Donnard, Alain and Casiez, Pierre and Mongrard, Olivier},
  booktitle={AIAA guidance, navigation, and control conference},
  pages={0336},
  year={2015}
}


@article{durrant2006simultaneous,
  title={Simultaneous localization and mapping: part I},
  author={Durrant-Whyte, Hugh and Bailey, Tim},
  journal={IEEE robotics \& automation magazine},
  volume={13},
  number={2},
  pages={99--110},
  year={2006},
  publisher={IEEE}
}

@article{opromolla2017review,
  title={A review of cooperative and uncooperative spacecraft pose determination techniques for close-proximity operations},
  author={Opromolla, Roberto and Fasano, Giancarmine and Rufino, Giancarlo and Grassi, Michele},
  journal={Progress in Aerospace Sciences},
  volume={93},
  pages={53--72},
  year={2017},
  publisher={Elsevier}
}

@inproceedings{shi2017spacecraft,
  title={Spacecraft pose estimation using principal component analysis and a monocular camera},
  author={Shi, Jian-Feng and Ulrich, Steve and Ruel, Stephane},
  booktitle={AIAA Guidance, Navigation, and Control Conference},
  pages={1034},
  year={2017}
}

@article{mohamed2019survey,
  title={A survey on odometry for autonomous navigation systems},
  author={Mohamed, Sherif AS and Haghbayan, Mohammad-Hashem and Westerlund, Tomi and Heikkonen, Jukka and Tenhunen, Hannu and Plosila, Juha},
  journal={IEEE access},
  volume={7},
  pages={97466--97486},
  year={2019},
  publisher={IEEE}
}

@article{david2004softposit,
  title={SoftPOSIT: Simultaneous pose and correspondence determination},
  author={David, Philip and Dementhon, Daniel and Duraiswami, Ramani and Samet, Hanan},
  journal={International Journal of Computer Vision},
  volume={59},
  pages={259--284},
  year={2004},
  publisher={Springer}
}

@inproceedings{shi2015uncooperative,
  title={Uncooperative spacecraft pose estimation using an infrared camera during proximity operations},
  author={Shi, Jian-Feng and Ulrich, Steve and Ruel, Stephane and Anctil, Martin},
  booktitle={AIAA SPACE 2015 conference and exposition},
  pages={4429},
  year={2015}
}

@inproceedings{shi2016spacecraft,
  title={Spacecraft pose estimation using a monocular camera},
  author={Shi, J and Ulrich, Steve and Ruel, St{\'e}phane},
  booktitle={67th International Astronautical Congress},
  year={2016},
  organization={Guadalajara}
}

@article{lepetit2009ep,
  title={EP n P: An accurate O (n) solution to the P n P problem},
  author={Lepetit, Vincent and Moreno-Noguer, Francesc and Fua, Pascal},
  journal={International journal of computer vision},
  volume={81},
  pages={155--166},
  year={2009},
  publisher={Springer}
}

@inproceedings{rondao2018multi,
  title={Multi-view monocular pose estimation for spacecraft relative navigation},
  author={Rondao, Duarte and Aouf, Nabil},
  booktitle={2018 AIAA Guidance, Navigation, and Control Conference},
  pages={2100},
  year={2018}
}

@inproceedings{sharma2017reduced,
  title={Reduced-dynamics pose estimation for non-cooperative spacecraft rendezvous using monocular vision},
  author={Sharma, Sumant and D’Amico, Simone},
  booktitle={38th AAS Guidance and Control Conference, Breckenridge, Colorado},
  volume={2},
  year={2017}
}

@article{liu2014relative,
  title={Relative pose estimation for cylinder-shaped spacecrafts using single image},
  author={Liu, Chang and Hu, Weiduo},
  journal={IEEE Transactions on Aerospace and Electronic Systems},
  volume={50},
  number={4},
  pages={3036--3056},
  year={2014},
  publisher={IEEE}
}

@inproceedings{sharma2018pose,
  title={Pose estimation for non-cooperative spacecraft rendezvous using convolutional neural networks},
  author={Sharma, Sumant and Beierle, Connor and D'Amico, Simone},
  booktitle={2018 IEEE Aerospace Conference},
  pages={1--12},
  year={2018},
  organization={IEEE}
}

@article{lee2022tightly,
  title={A tightly-coupled compressed-state constraint Kalman Filter for integrated visual-inertial-Global Navigation Satellite System navigation in GNSS-Degraded environments},
  author={Lee, Yu Dam and Kim, La Woo and Lee, Hyung Keun},
  journal={IET Radar, Sonar \& Navigation},
  volume={16},
  number={8},
  pages={1344--1363},
  year={2022},
  publisher={Wiley Online Library}
}

@article{volpe2017pose,
  title={Pose and shape reconstruction of a noncooperative spacecraft using camera and range measurements},
  author={Volpe, Renato and Sabatini, Marco and Palmerini, Giovanni B},
  journal={International Journal of Aerospace Engineering},
  volume={2017},
  year={2017},
  publisher={Hindawi}
}

@article{zhang2015unscented,
  title={Unscented Kalman filtering for relative spacecraft attitude and position estimation},
  author={Zhang, Lijun and Li, Tong and Yang, Huabo and Zhang, Shifeng and Cai, Hong and Qian, Shan},
  journal={The Journal of Navigation},
  volume={68},
  number={3},
  pages={528--548},
  year={2015},
  publisher={Cambridge University Press}
}

@article{pesce2019comparison,
  title={Comparison of filtering techniques for relative attitude estimation of uncooperative space objects},
  author={Pesce, Vincenzo and Haydar, Muhammad Farooq and Lavagna, Mich{\`e}le and Lovera, Marco},
  journal={Aerospace Science and Technology},
  volume={84},
  pages={318--328},
  year={2019},
  publisher={Elsevier}
}

@article{singh2021review,
  title={Review of various image fusion algorithms and image fusion performance metric},
  author={Singh, Simrandeep and Mittal, Nitin and Singh, Harbinder},
  journal={Archives of Computational Methods in Engineering},
  volume={28},
  pages={3645--3659},
  year={2021},
  publisher={Springer}
}

@inproceedings{civardi2022vis,
  title={Vis-tir imaging for uncooperative objects proximity navigation: a tool for development and testing},
  author={Civardi, Gaia Letizia and Bechini, Michele and Colombo, Alessandro and Quirino, Matteo and Piccinin, Margherita and Lavagna, Michelle and others},
  booktitle={11th International Workshop on Satellite Constellations Formation Flying (IWSCFF 2022), International Astronautical Federation, IAF, Milan, Italy},
  volume={6},
  year={2022}
}

@inproceedings{bechini2022robust,
  title={Robust Monocular Pose Initialization via Visual and Thermal Image Fusion},
  author={Bechini, M and Civardi, GL and Quirino, M and Colombo, A and Lavagna, M and others},
  booktitle={INTERNATIONAL ASTRONAUTICAL CONGRESS: IAC PROCEEDINGS},
  pages={1--15},
  year={2022}
}

@inproceedings{deodeshmukh2003cooperative,
  title={Cooperative infrared and visible band tracking},
  author={Deodeshmukh, V and Chaudhuri, S and Roy, S Dutta},
  booktitle={Proceedings International Conference on Advances in Pattern Recognition (ICAPR), Calcutta, India},
  pages={402--405},
  year={2003}
}

@inproceedings{palmerini2014combining,
  title={Combining thermal and visual imaging in spacecraft proximity operations},
  author={Palmerini, Giovanni B},
  booktitle={2014 13th International Conference on Control Automation Robotics \& Vision (ICARCV)},
  pages={383--388},
  year={2014},
  organization={IEEE}
}

@article{yang2022sensors,
  title={Sensors and sensor fusion methodologies for indoor odometry: A review},
  author={Yang, Mengshen and Sun, Xu and Jia, Fuhua and Rushworth, Adam and Dong, Xin and Zhang, Sheng and Fang, Zaojun and Yang, Guilin and Liu, Bingjian},
  journal={Polymers},
  volume={14},
  number={10},
  pages={2019},
  year={2022},
  publisher={MDPI}
}

@inproceedings{jia2021lvio,
  title={Lvio-fusion: A self-adaptive multi-sensor fusion slam framework using actor-critic method},
  author={Jia, Yupeng and Luo, Haiyong and Zhao, Fang and Jiang, Guanlin and Li, Yuhang and Yan, Jiaquan and Jiang, Zhuqing and Wang, Zitian},
  booktitle={2021 IEEE/RSJ International Conference on Intelligent Robots and Systems (IROS)},
  pages={286--293},
  year={2021},
  organization={IEEE}
}


@article{sonnenburg2016image,
  title={Image recognition and processing for navigation (irpn)},
  author={Sonnenburg, A},
  journal={ESA Clean Space Industrial Days, ESTEC, Netherlands},
  year={2016}
}

@inproceedings{galante2016fast,
  title={Fast Kalman filtering for relative spacecraft position and attitude estimation for the raven ISS hosted payload},
  author={Galante, Joseph M and Van Eepoel, John and D'Souza, Chris and Patrick, Bryan},
  booktitle={AAS Guidance and Control Conference},
  number={GSFC-E-DAA-TN29232},
  year={2016}
}

@book{alfriend2009spacecraft,
  title={Spacecraft formation flying: Dynamics, control and navigation},
  author={Alfriend, Kyle T and Vadali, Srinivas R and Gurfil, Pini and How, Jonathan P and Breger, Louis},
  volume={2},
  year={2009},
  publisher={Elsevier}
}


@article{sullivan2017comprehensive,
  title={Comprehensive survey and assessment of spacecraft relative motion dynamics models},
  author={Sullivan, Joshua and Grimberg, Sebastian and D’Amico, Simone},
  journal={Journal of Guidance, Control, and Dynamics},
  year={2017},
  publisher={American Institute of Aeronautics and Astronautics}
}

@article{clohessy1960terminal,
  title={Terminal guidance system for satellite rendezvous},
  author={Clohessy, WH and Wiltshire, RS},
  journal={Journal of the Aerospace Sciences},
  volume={27},
  number={9},
  pages={653--658},
  year={1960}
}

@article{yamanaka2002new,
  title={New state transition matrix for relative motion on an arbitrary elliptical orbit},
  author={Yamanaka, Koji and Ankersen, Finn},
  journal={Journal of guidance, control, and dynamics},
  volume={25},
  number={1},
  pages={60--66},
  year={2002}
}

@inproceedings{geyer2021relative,
  title={Relative Navigation of Uncooperative Space Bodies},
  author={Geyer, Scott P and Crassidis, John L and Majji, Manoranjan and Eapen, Roshan Thomas},
  booktitle={AIAA Scitech 2021 Forum},
  pages={1865},
  year={2021}
}

@article{lefferts1982kalman,
  title={Kalman filtering for spacecraft attitude estimation},
  author={Lefferts, Ern J and Markley, F Landis and Shuster, Malcolm D},
  journal={Journal of Guidance, control, and Dynamics},
  volume={5},
  number={5},
  pages={417--429},
  year={1982}
}

@article{tweddle2015relative,
  title={Relative computer vision-based navigation for small inspection spacecraft},
  author={Tweddle, Brent E and Saenz-Otero, Alvar},
  journal={Journal of guidance, control, and dynamics},
  volume={38},
  number={5},
  pages={969--978},
  year={2015},
  publisher={American Institute of Aeronautics and Astronautics}
}

@book{zarchan2005progress,
  title={Progress in astronautics and aeronautics: fundamentals of Kalman filtering: a practical approach},
  author={Zarchan, Paul},
  volume={208},
  year={2005},
  publisher={Aiaa}
}

@article{lowe2004sift,
  title={Sift-the scale invariant feature transform},
  author={Lowe, G},
  journal={Int. J},
  volume={2},
  number={91-110},
  pages={2},
  year={2004}
}


@inproceedings{liou2012active,
  title={Active debris removal and the challenges for environment remediation},
  author={Liou, JC},
  booktitle={28th International Symposium on Space Technology},
  number={JSC-CN-23921},
  year={2012}
}

@inproceedings{akhlaghi2017adaptive,
  title={Adaptive adjustment of noise covariance in Kalman filter for dynamic state estimation},
  author={Akhlaghi, Shahrokh and Zhou, Ning and Huang, Zhenyu},
  booktitle={2017 IEEE power \& energy society general meeting},
  pages={1--5},
  year={2017},
  organization={IEEE}
}

@inproceedings{civardi2021small,
  title={Small bodies IR imaging for vision based relative navigation and mapping enhancement},
  author={Civardi, Gaia Letizia and Piccinin, M and Lavagna, M},
  booktitle={7th IAA Planetary Defense Conference},
  pages={109},
  year={2021}
}

@misc{esa_vv02,
  author = {European Space Agency},
  title = {{VV02 – Vega uses Vespa}},
  howpublished = {\url{https://www.esa.int/Enabling_Support/Space_Transportation/Launch_vehicles/VV02_Vega_uses_Vespa}},
  note = {Accessed: 30/03/2022}
}

@phdthesis{piccinin2023spacecraft,
  title={Spacecraft relative navigation with electro-optical sensors around uncooperative targets},
  author={Piccinin, Margherita},
  year={2023}
}

@article{groussin2019thermal,
  title={The thermal, mechanical, structural, and dielectric properties of cometary nuclei after Rosetta},
  author={Groussin, Olivier and Attree, Nicholas and Brouet, Yann and Ciarletti, Val{\'e}rie and Davidsson, Bj{\"o}rn and Filacchione, Gianrico and Fischer, H-H and Gundlach, Bastian and Knapmeyer, Martin and Knollenberg, J{\"o}rg and others},
  journal={Space Science Reviews},
  volume={215},
  pages={1--51},
  year={2019},
  publisher={Springer}
}

@article{okada2017thermal,
  title={Thermal infrared imaging experiments of C-type asteroid 162173 Ryugu on Hayabusa2},
  author={Okada, Tatsuaki and Fukuhara, Tetsuya and Tanaka, Satoshi and Taguchi, Makoto and Imamura, Takeshi and Arai, Takehiko and Senshu, Hiroki and Ogawa, Yoshiko and Demura, Hirohide and Kitazato, Kohei and others},
  journal={Space Science Reviews},
  volume={208},
  pages={255--286},
  year={2017},
  publisher={Springer}
}

@article{michel2022esa,
  title={The ESA Hera mission: detailed characterization of the DART impact outcome and of the binary asteroid (65803) Didymos},
  author={Michel, Patrick and K{\"u}ppers, Michael and Bagatin, Adriano Campo and Carry, Benoit and Charnoz, S{\'e}bastien and De Leon, Julia and Fitzsimmons, Alan and Gordo, Paulo and Green, Simon F and H{\'e}rique, Alain and others},
  journal={The Planetary Science Journal},
  volume={3},
  number={7},
  pages={160},
  year={2022},
  publisher={IOP Publishing}
}

@article{BECHINI2023358,
title = {Dataset generation and validation for spacecraft pose estimation via monocular images processing},
journal = {Acta Astronautica},
volume = {204},
pages = {358-369},
year = {2023},
issn = {0094-5765},
doi = {https://doi.org/10.1016/j.actaastro.2023.01.012},
url = {https://www.sciencedirect.com/science/article/pii/S0094576523000127},
author = {Michele Bechini and Michèle Lavagna and Paolo Lunghi},
keywords = {Image generation, Synthetic image datasets, Relative pose, Vision-based navigation},
abstract = {Recent studies demonstrate the possibility of navigating in proximity of uncooperative space resident objects by using only monocular images. Despite the results achieved, the development and testing of new algorithms are strongly constrained by the availability of spaceborne image datasets. To overcome this, a new algorithm embedded in a tool to generate synthetic high-fidelity spaceborne image datasets is presented here. The architecture developed can be tailored to a wide range of scenarios and it is based on an open-source ray-tracing software. All assumptions and simplifications adopted are discussed in detail for the different models considered, including a trade-off between accuracy and rendering time. The new method described is subsequently adapted to a baseline scenario where the optical properties of a reference spacecraft model are tuned. Both qualitative and quantitative validations are detailed and successfully carried out for the baseline case, demonstrating the high photo-realism achievable with the proposed method. As a consequence of this main outcome, the paper details the generation of labeled spaceborne image datasets publicly available and reports the analyses that confirm the high level of representativeness, making them suitable for training and testing image-based navigation algorithms. As another outcome, the most comprehensive multi-purpose labeled dataset of validated spaceborne synthetic images currently publicly available is presented.}
}


@article{CIVARDI2023,
title = {Generation of fused visible and thermal-infrared images for uncooperative spacecraft proximity navigation},
journal = {Advances in Space Research},
year = {2023},
issn = {0273-1177},
doi = {https://doi.org/10.1016/j.asr.2023.03.022},
url = {https://www.sciencedirect.com/science/article/pii/S0273117723002144},
author = {Gaia Letizia Civardi and Michele Bechini and Matteo Quirino and Alessandro Colombo and Margherita Piccinin and Michèle Lavagna},
keywords = {Sensor fusion, Advanced image processing, Vision based navigation, Thermal infrared imaging},
abstract = {State-of-the-art techniques for vision-based relative navigation rely on images acquired in the visible spectral band. Consequently, the accuracy and robustness of the navigation is strongly influenced by the illumination conditions. The exploitation of thermal-infrared images for navigation purposes is studied in the present paper, as a possible solution to improve navigation in close proximity with a target spacecraft. Thermal-infrared images depend on the thermal radiation emitted by the target, hence, they are independent from light conditions; however, they suffer from a poorer texture and a lower contrast with respect to visible ones. This paper proposes pixel-level image fusion to overcome the limitations of the two types of images. The two source images are merged into a more informative one, retaining the strengths of the distinguished sensing modalities. The contribution of this work is twofold: firstly, a realistic thermal infrared images rendering tool for artificial targets is implemented; secondly, different pixel-level visible-thermal infrared images fusion techniques are assessed through qualitative and quantitative performance metrics to ease and improve the subsequent image processing step. The work presents a comprehensive evaluation of the best fusion techniques for on-board implementation, paving the way to the development of a multispectral end-to-end navigation chain.}
}


@inproceedings{Yilmaz2017UsingIB,
  title={Using infrared based relative navigation for active debris removal},
  author={Ozgun Bursalioglu Yilmaz and Nabil Aouf and Laurent Majewski and Manuel S{\'a}nchez-Gestido and Guillermo Ortega},
  year={2017}
}

@article{yilmaz2019thermal,
  title={Thermal analysis of space debris for infrared-based active debris removal},
  author={Y{\i}lmaz, {\"O}zg{\"u}n and Aouf, Nabil and Checa, Elena and Majewski, Laurent and Sanchez-Gestido, Manuel},
  journal={Proceedings of the Institution of Mechanical Engineers, Part G: Journal of Aerospace Engineering},
  volume={233},
  number={3},
  pages={811--822},
  year={2019},
  publisher={Sage Publications Sage UK: London, England}
}

@inproceedings{piccinin2021multispectral,
  title={Multispectral Imaging Sensors for asteroids relative navigation},
  author={Piccinin, Margherita and Civardi, Gaia Letizia and Quirino, Matteo and Lavagna, Michele and others},
  booktitle={INTERNATIONAL ASTRONAUTICAL CONGRESS: IAC PROCEEDINGS},
  pages={1--12},
  year={2021}
}

@article{doi:10.2514/1.G003239,
author = {Gaias, Gabriella and Ardaens, Jean-S\'{e}bastien},
title = {Flight Demonstration of Autonomous Noncooperative Rendezvous in Low Earth Orbit},
journal = {Journal of Guidance, Control, and Dynamics},
volume = {41},
number = {6},
pages = {1337-1354},
year = {2018},
doi = {10.2514/1.G003239},
}

@book{markley2014fundamentals,
  title={Fundamentals of spacecraft attitude determination and control},
  author={Markley, F Landis and Crassidis, John L},
  volume={1286},
  year={2014},
  publisher={Springer}
}

@article{dubrofsky2009homography,
  title={Homography estimation},
  author={Dubrofsky, Elan},
  journal={Diplomov{\'a} pr{\'a}ce. Vancouver: Univerzita Britsk{\'e} Kolumbie},
  volume={5},
  year={2009}
}


@Manual{blender,
   title = {Blender - a 3D modelling and rendering package},
   author = {Blender Online Community},
   organization = {Blender Foundation},
   address = {Stichting Blender Foundation, Amsterdam},
   year = {2018},
   url = {http://www.blender.org},
 }
